@manual{LS,
	title = {LS(1) BSD General Commands Manual},
	date = "2002-05-19",
}

@manual{DIRECTORY,
	title = {DIRECTORY(3) BSD Library Functions Manual},
	date = "2008-04-16",
}
@manual{GETPWENT,
	title = {GETPWENT(3) BSD Library Functions Manual},
	date = "2011-10-26",
}
@manual{GETGRENT,
	title = {GETGRENT(3) BSD Library Functions Manual},
	date = "2011-10-26",
}
@manual{TIME,
	title = {TIME(3) BSD Library Functions Manual},
	date = "2003-07-18",
}
@manual{CTIME,
	title = {CTIME(3) BSD Library Functions Manual},
	date = "1999-01-02",
}
@manual{GETENV,
	title = {GETENV(3) BSD Library Functions Manual},
	date = "2007-06-20",
}
@manual{IOCTL,
	title = {IOCTL(2) BSD System Calls Manual},
	date = "1993-12-11",
}
@online{put_time,
	title = {put\_time - C++ Reference},
	url = {http://www.cplusplus.com/reference/iomanip/put_time/},
	urldate = {2017-12-03},
}